@mastersthesis{fracassi2012,
  title = {Assicurazioni R.C.A.: Un Modello per l’Uso della Scatola Nera},
  author = {Mattia Fracassi},
  year = {2013},
  school = {Università Ca' Foscari Venezia},
  url = {http://dspace.unive.it/bitstream/handle/10579/3606/815923-1169047.pdf?sequence=2}
}

@article{khin2018real,
  title={Real-time vehicle tracking system using Arduino, GPS, GSM and web-based technologies},
  author={Khin, June Myint Mo and Oo, Nyein Nyein},
  journal={International Journal of Science and Engineering Applications},
  volume={7},
  number={11,433-436},
  year={2018}
}

@inproceedings{thompson2010using,
  title={Using smartphones to detect car accidents and provide situational awareness to emergency responders},
  author={Thompson, Chris and White, Jules and Dougherty, Brian and Albright, Adam and Schmidt, Douglas C},
  booktitle={Mobile Wireless Middleware, Operating Systems, and Applications: Third International Conference, Mobilware 2010, Chicago, IL, USA, June 30-July 2, 2010. Revised Selected Papers 3},
  pages={29--42},
  year={2010},
  organization={Springer}
}

@inproceedings{hermawan2020acquisition,
  title={Acquisition, modeling, and evaluating method of driving behavior based on OBD-II: A literature survey},
  author={Hermawan, Galih and Husni, Emir},
  booktitle={IOP Conference Series: Materials Science and Engineering},
  volume={879},
  number={1},
  pages={012030},
  year={2020},
  organization={IOP Publishing}
}

@article{al2012hybrid,
  title={Hybrid GPS-GSM localization of automobile tracking system},
  author={Al-Khedher, Mohammad A},
  journal={arXiv preprint arXiv:1201.2630},
  year={2012}
}

@inproceedings{shubham2021survey,
  title={A survey on IoT based automatic road accident detection},
  author={Shubham, Suraj Pratap and Kumar, Madan and Jain, Sarika and others},
  booktitle={2021 5th international conference on intelligent computing and control systems (ICICCS)},
  pages={1--7},
  year={2021},
  organization={IEEE}
}

@inproceedings{chen2015driving,
  title={Driving behavior analysis based on vehicle OBD information and adaboost algorithms},
  author={Chen, Shi-Huang and Pan, Jeng-Shyang and Lu, Kaixuan and others},
  booktitle={Proceedings of the international multiconference of engineers and computer scientists},
  volume={1},
  pages={18--20},
  year={2015}
}

@article{fazeen2012safe,
  title={Safe driving using mobile phones},
  author={Fazeen, Mohamed and Gozick, Brandon and Dantu, Ram and Bhukhiya, Moiz and Gonz{\'a}lez, Marta C},
  journal={IEEE Transactions on Intelligent Transportation Systems},
  volume={13},
  number={3},
  pages={1462--1468},
  year={2012},
  publisher={IEEE}
}

@article{ahmar2021road,
  title={Road Accident Prevention Using Alcohol Detector And Accelerometer Module. No. 5047},
  author={Ahmar, Azam and Singh, Kshitij},
  journal={EasyChair},
  year={2021}
}

@online{sqliteWhentoUse,
  author    = {SQLite},
  title     = {When to Use SQLite},
  year      = {2024},
  url       = {https://www.sqlite.org/whentouse.html},
  urldate   = {2024-07-28},  % la data in cui hai visitato l'URL
}

@book{manualeHacker,
    author = {Craig Smith},
    title = {Il manuale dell'hacker di automobili. Guida per il penetration tester},
    publisher = {Edizioni LSWR},
    year = { 2016}
}

@online{Netcat,
  author    = {NetCat},
  title     = {TCP Server and TCP Client Commands},
  year      = {2022},
  url       = {https://www.varonis.com/blog/netcat-commands},
  urldate   = {2024-07-29},  
}

@misc{wiki:Apprendimento_automatico,
   author = "Wikipedia",
   title = "{Apprendimento automatico} --- {W}ikipedia{,} The Free Encyclopedia",
   year = "2024",
   howpublished = {\url{http://it.wikipedia.org/w/index.php?title=Apprendimento\%20automatico&oldid=138273572}},
   note = "[Online; accessed 29-July-2024]"
}

@article{muhammad2015supervised,
  title={SUPERVISED MACHINE LEARNING APPROACHES: A SURVEY.},
  author={Muhammad, Iqbal and Yan, Zhu},
  journal={ICTACT Journal on Soft Computing},
  volume={5},
  number={3},
  year={2015}
}

@article{popat2014review,
  title={Review and comparative study of clustering techniques},
  author={Popat, Shraddha K and Emmanuel, M},
  journal={International journal of computer science and information technologies},
  volume={5},
  number={1},
  pages={805--812},
  year={2014},
  publisher={Citeseer}
}

@book{sistemiEmbeddedAtrent,
    author = {Alexjan Carraturo, Andrea Trentini},
    title = {Sistemi Embedded: teoria e pratica},
    publisher = {Ledizioni LediPublishing},
    year = {2023}
}
